@article{dataset,
  title = {Depression student dataset},
  note = {\url{https://www.kaggle.com/datasets/ikynahidwin/depression-student-dataset}}
}

@article{prince,
  note = {\url{https://pypi.org/project/prince/}},
}

@article{scipy,
  note = {\url{https://scipy.org/}},
}

@article{matplotlib,
  note = {\url{https://matplotlib.org/}},
}

@article{python,
  note = {\url{https://www.python.org}}
}

@article{jupyter,
  note = {\url{https://jupyter.org/}}
}

@article{pandas,
  note = {\url{https://pandas.pydata.org/}},
}

@article{repo,
  note = {\url{https://github.com/bourgouinraphael/Projet_traitement_info/blob/main/Projet.ipynb}}
}

@article{simpson,
  note = {\url{https://fr.wikipedia.org/wiki/Paradoxe_de_Simpson}}
}

@article{cours,
    author = {Charles, Brazier},
    title = {Correspondence Analysis},
    journal = {EI5IS102 Traitement de lâ€™Information},
    volume = {2},
    note = {\url{https://moodle.bordeaux-inp.fr/pluginfile.php/284534/mod_resource/content/4/3_CA_20nov2024.pdf}},
}
